
@misc {OverleafBibliographyManagement,
   url = {https://www.overleaf.com/learn/latex/Bibliography_management_with_bibtex},
   year = {2025},
   title = {Bibliography Management with bibtex},
   author = {Overleaf},
   note = {accessed 2025-02-11},
}


@misc {WikipediaBibtex,
   url = {https://en.wikipedia.org/wiki/BibTeX},
   year = {2025},
   title = {BibTeX},
   author = {Wikipedia},
   note = {accessed 2025-02-11},
}

@Article{kerbl3Dgaussians,
      author       = {Kerbl, Bernhard and Kopanas, Georgios and Leimk{\"u}hler, Thomas and Drettakis, George},
      title        = {3D Gaussian Splatting for Real-Time Radiance Field Rendering},
      journal      = {ACM Transactions on Graphics},
      number       = {4},
      volume       = {42},
      month        = {July},
      year         = {2023},
      url          = {https://repo-sam.inria.fr/fungraph/3d-gaussian-splatting/}
}

@INPROCEEDINGS{201549,
  author={Shirai, Y.},
  booktitle={[1992] Proceedings. 11th IAPR International Conference on Pattern Recognition}, 
  title={3D computer vision and applications}, 
  year={1992},
  volume={},
  number={},
  pages={236-245},
  keywords={Computer vision;Application software;Layout;Stereo vision;Inspection;Lighting;Color;Image sensors;Mechanical engineering;Machinery},
  doi={10.1109/ICPR.1992.201549}}


@phdthesis{Morris-2001-8194,
author = {Daniel D. Morris},
title = {Gauge Freedoms and Uncertainty Modeling for 3D Computer Vision},
year = {2001},
month = {March},
school = {Carnegie Mellon University},
address = {Pittsburgh, PA},
number = {CMU-RI-TR-01-15},
keywords = {Gauge orbits, Structure from Motion, Computer Vision, Indeterminacy, Covariance, Estimation},
}

@article{Darroch.2017,
 author  = {Darroch, Gordon},
 date    = {2017-03-12},
 title   = {Netherlands 'will pay the price' for blocking Turkish visit – Erdoğan},
 journal = {The Guardian},
 url     ={https://www.theguardian.com/world/2017/mar/12/netherlands-will-pay-the-price-for-blocking-turkish-visit-erdogan},
 urldate = {2017-03-12}
}

@book{principles,
  title = {Fundamental Principles of Optical Lithography},
  author = {Mack, Chris A},
  year = {2007}, 
  publisher = {Wiley},
}

@incollection{grandstrand:2004,
  author      = "Ove Grandstrand",
  title       = "Innovation and Intellectual Property Rights",
  booktitle   = "The Oxford Handbook of Innovation",
  publisher   = "Oxford University Press",
  year        = "2004",
}

@online{youtube,
    title = {ELDEN RING NIGHTREIGN | Official Pre-Order Trailer},
    date = {2025},
    organization = {Youtube},
    author = {Bandai Namco Entertainment America},
    url = {https://youtu.be/Z_fmEDsQPh4},
    }

@manual{python3doc,
  title        = {Python 3 Documentation},
  author       = {{Python Software Foundation}},
  organization = {Python Software Foundation},
  year         = {2020},
  url          = {https://docs.python.org/3/}
}
